% Encoding: windows-1252

% SQL_ISO-Standard
@techreport{iso_SQL_framework_2016,
  type = {Standard},
  title = {Information technology — Database languages — SQL — Part 1: Framework (SQL/Framework)},
  shorttitle = {{ISO}/{IEC} 9075-1:2016},
  url = {https://www.iso.org/standard/63555.html},
  language = {en},
  number = {ISO/IEC TR 9075-1:2016},
  institution = {International Organization for Standardization},
  author = {{ISO Central Secretary}},
  year = {2016}
}
@techreport{iso_SQL_framework_pt2_2016,
  type = {Standard},
  title = {Information technology — Database languages — SQL — Part 2: Foundation (SQL/Foundation)},
  shorttitle = {{ISO}/{IEC} 9075-2:2016},
  url = {https://www.iso.org/standard/84487.html},
  language = {en},
  number = {ISO/IEC 9075-2:2016/Cor 2:2022},
  institution = {International Organization for Standardization},
  author = {{ISO Central Secretary}},
  year = {2016}
}

% Komplexitätstheorie
@book{johnson2007two,
  title={Two's Company, Three is Complexity: A Simple Guide to the Science of All Sciences},
  author={Johnson, N.F.},
  isbn={9781851684885},
  page={3},
  series={A Oneworld book},
  url={https://books.google.de/books?id=NnEcAQAAIAAJ},
  year={2007},
  publisher={Oneworld}
}
@article{Subali2018ANM,
  title={A new model for measuring the complexity of SQL commands},
  author={Made Agus Putra Subali and Siti Rochimah},
  journal={2018 10th International Conference on Information Technology and Electrical Engineering (ICITEE)},
  year={2018},
  pages={1-5}
}


% What makes text human-like / Validation of text generation
@article{Lee2021HumanEO,
  title={Human evaluation of automatically generated text: Current trends and best practice guidelines},
  author={Chris van der Lee and Albert Gatt and Emiel van Miltenburg and Emiel J. Krahmer},
  journal={Comput. Speech Lang.},
  year={2021},
  volume={67},
  pages={101151}
}
@article{VANDERLEE2021101151,
title = {Human evaluation of automatically generated text: Current trends and best practice guidelines},
journal = {Computer Speech & Language},
volume = {67},
pages = {101151},
year = {2021},
issn = {0885-2308},
doi = {https://doi.org/10.1016/j.csl.2020.101151},
url = {https://www.sciencedirect.com/science/article/pii/S088523082030084X},
author = {Chris {van der Lee} and Albert Gatt and Emiel {van Miltenburg} and Emiel Krahmer}
}

% LIMITATIONS
@article{Taipalus2020TheEO,
  title={The Effects of Database Complexity on SQL Query Formulation (journal-first)},
  author={Toni Taipalus},
  journal={2020 46th Euromicro Conference on Software Engineering and Advanced Applications (SEAA)},
  year={2020},
  pages={185-185}
}

% MOTIVATION
@article{Taufik2019AnIT,
  title={An Intelligent Tutoring System with Adaptive Exercises Based on a Student’s Knowledge and Misconception},
  author={Rahman Taufik and Dade Nurjanah},
  journal={2019 IEEE International Conference on Engineering, Technology and Education (TALE)},
  year={2019},
  pages={1-5}
}

@article{Gibson2021ImprovingSE,
  title={Improving Student Engagement and Active Learning with Embedded Automated Self-assessment Quizzes: Case Study in Computer System Architecture Design},
  author={Ryan Colin Gibson and Gordon Morison},
  journal={Lecture Notes in Networks and Systems},
  year={2021}
}
        % SQL NOVICE ERRORS
@article{Miedema2022SoMB,
  title={So many brackets! An analysis of how SQL learners (mis)manage complexity during query formulation},
  author={Daphne Miedema and G. Fletcher and Efthimia Aivaloglou},
  journal={2022 IEEE/ACM 30th International Conference on Program Comprehension (ICPC)},
  year={2022},
  pages={122-132}
}
@article{Taipalus2019WhatTE,
  title={What to Expect and What to Focus on in SQL Query Teaching},
  author={Toni Taipalus and Piia M. H. Per{\"a}l{\"a}},
  journal={Proceedings of the 50th ACM Technical Symposium on Computer Science Education},
  year={2019}
}
@article{Taipalus2020ExplainingCB,
  title={Explaining Causes Behind SQL Query Formulation Errors},
  author={Toni Taipalus},
  journal={2020 IEEE Frontiers in Education Conference (FIE)},
  year={2020},
  pages={1-9}
}
@article{Miedema2022ExpertPO,
  title={Expert Perspectives on Student Errors in SQL},
  author={Daphne Miedema and G. Fletcher and Efthimia Aivaloglou},
  journal={ACM Transactions on Computing Education (TOCE)},
  year={2022}
}
@article{Poulsen2020InsightsFS,
  title={Insights from Student Solutions to SQL Homework Problems},
  author={Seth Poulsen and Liia Butler and Abdussalam Alawini and Geoffrey L. Herman},
  journal={Proceedings of the 2020 ACM Conference on Innovation and Technology in Computer Science Education},
  year={2020}
}
@article{Silva2022DBSnapEvalID,
  title={DBSnap-Eval: Identifying Database Query Construction Patterns},
  author={Yasin N. Silva and Alexis Loza and Humberto Luiz Razente},
  journal={Proceedings of the 27th ACM Conference on on Innovation and Technology in Computer Science Education Vol. 1},
  year={2022}
}
@article{Miedema2021IdentifyingSM,
  title={Identifying SQL Misconceptions of Novices: Findings from a Think-Aloud Study},
  author={Daphne Miedema and Efthimia Aivaloglou and G. Fletcher},
  journal={Proceedings of the 17th ACM Conference on International Computing Education Research},
  year={2021}
}
@article{Smelcer1995UserEI,
  title={User errors in database query composition},
  author={John B. Smelcer},
  journal={Int. J. Hum. Comput. Stud.},
  year={1995},
  volume={42},
  pages={353-381}
}
@article{Ahadi2016StudentsSM,
  title={Students' Syntactic Mistakes in Writing Seven Different Types of SQL Queries and its Application to Predicting Students' Success},
  author={Alireza Ahadi and Vahid Behbood and Arto Vihavainen and Julia Coleman Prior and Raymond Lister},
  journal={Proceedings of the 47th ACM Technical Symposium on Computing Science Education},
  year={2016}
}
@article{Ahadi2015AQS,
  title={A Quantitative Study of the Relative Difficulty for Novices of Writing Seven Different Types of SQL Queries},
  author={Alireza Ahadi and Julia Coleman Prior and Vahid Behbood and Raymond Lister},
  journal={Proceedings of the 2015 ACM Conference on Innovation and Technology in Computer Science Education},
  year={2015}
}
@article{Miedema2022IdentifyingSM,
  title={Identifying SQL misconceptions of novices},
  author={Daphne Miedema and Efthimia Aivaloglou and G. Fletcher},
  journal={ACM Inroads},
  year={2022},
  volume={13},
  pages={52 - 65}
}

        % SQL DIDACTIC SUGGESTIONS
@article{Taipalus2020SQLE,
  title={SQL Education},
  author={Toni Taipalus and Ville Sepp{\"a}nen},
  journal={ACM Transactions on Computing Education (TOCE)},
  year={2020},
  volume={20},
  pages={1 - 33}
}
@article{Ishaq2022AdvancesID,
  title={Advances in database systems education: Methods, tools, curricula, and way forward},
  author={Muhammad Atif Ishaq and Adnan Abid and Muhammad Shoaib Farooq and Muhammad Faraz Manzoor and Uzma Farooq and Kamran Abid and Mamoun Abu Helou},
  journal={Education and Information Technologies},
  year={2022},
  pages={1 - 45}
}

% SQL RELATED WORK
    % SQL GENERATORS#
@inproceedings{Do2014AutomaticGO,
  title={Automatic Generation of SQL Queries},
  author={Quan Chau Dong Do and Rajeev Agrawal and Dhana Rao and Venkat N. Gudivada},
  year={2014}
}
@inproceedings{Gudivada2017AutomatedGO,
  title={Automated Generation of SQL Queries that Feature Speciﬁed SQL Constructs},
  author={Venkat N. Gudivada and Kamyar Arbabifard and Dhana Rao},
  year={2017}
}
@inproceedings{Dwivedi2020AUTOMATICSQ,
  title={AUTOMATIC SQL QUESTION GENERATION USING REVERSE APPROACH},
  author={Abhilasha A. Dwivedi and Dinesh D. Patil},
  year={2020}
}
@inproceedings{10.1145/3436756.3437037,
author = {Basse, Adrien and Diatta, Baboucar and Deme, Cherif Bachir and Ndiaye, Ndeye Massata},
title = {Ontology-Based Framework For Automatic Generation Of SQL Assessment},
year = {2020},
isbn = {9781450388276},
publisher = {Association for Computing Machinery},
address = {New York, NY, USA},
url = {https://doi.org/10.1145/3436756.3437037},
doi = {10.1145/3436756.3437037},
booktitle = {2020 12th International Conference on Education Technology and Computers},
pages = {152–156},
numpages = {5},
keywords = {assessment, ontology, SQL language, question generation},
location = {London, United Kingdom},
series = {ICETC'20}
}
@inproceedings{Basse2019OntologyBasedSF,
  title={Ontology-Based System for Automatic SQL Exercises Generation},
  author={Adrien Basse and Baboucar Diatta and Samuel Ouya},
  booktitle={IMCL},
  year={2019}
}
@inproceedings{Chaudhari2021StructuralQL,
  title={Structural Query Language Question Creation by using Inverse Way},
  author={Mr. Sumit Chaudhari and Mr. Aditya Hire and Ms. Bhagyashree Mandale and Ms. Sharayu Vanjari},
  year={2021}
}
@article{Atchariyachanvanich2019ReverseSQ,
  title={Reverse SQL Question Generation Algorithm in the DBLearn Adaptive E-Learning System},
  author={Kanokwan Atchariyachanvanich and Srinual Nalintippayawong and Thanakrit Julavanich},
  journal={IEEE Access},
  year={2019},
  volume={7},
  pages={54993-55004}
}
    % SQL MARKING


% SEMANTICS
@article{Wang2018ModelingSP,
  title={Modeling Semantic Plausibility by Injecting World Knowledge},
  author={Su Wang and Greg Durrett and Katrin Erk},
  journal={ArXiv},
  year={2018},
  volume={abs/1804.00619}
}
